<?xml version="1.0" encoding="utf-8"?>
<record xmlns="http://www.loc.gov/MARC21/slim" xmlns:xsi="http://www.w3.org/2001/XMLSchema-instance" xsi:schemaLocation="http://www.loc.gov/MARC21/slim http://www.loc.gov/standards/marcxml/schema/MARC21slim.xsd">
	<leader>     nam a22     Mi 4500</leader>
	<controlfield tag="001">b1270121x</controlfield>
	<controlfield tag="003">LeBAU</controlfield>
	<controlfield tag="006">m        d        </controlfield>
	<controlfield tag="007">cr cn |||m|||a</controlfield>
	<controlfield tag="008">180321m19401964le acfh ob    ||1 0 ara d</controlfield>
	<datafield ind1=" " ind2=" " tag="040">
		<subfield code="a">ZYU</subfield>
		<subfield code="b">ara</subfield>
		<subfield code="e">rda</subfield>
		<subfield code="c">ZYU</subfield>
	</datafield>
	<datafield ind1="0" ind2=" " tag="041">
		<subfield code="a">ara</subfield>
		<subfield code="b">fre</subfield>
	</datafield>
	<datafield ind1=" " ind2="4" tag="050">
		<subfield code="a">DS99.A56</subfield>
		<subfield code="b">T36 1940</subfield>
	</datafield>
	<datafield ind1="0" ind2="4" tag="082">
		<subfield code="a">956.8</subfield>
		<subfield code="2">20</subfield>
	</datafield>
	<datafield ind1="1" ind2=" " tag="100">
		<subfield code="6">880-01</subfield>
		<subfield code="a">Tawtal, Firdīnān,</subfield>
		<subfield code="e">compiler.</subfield>
	</datafield>
	<datafield ind1="1" ind2="0" tag="245">
		<subfield code="6">880-02</subfield>
		<subfield code="a">Wathāʼiq tārīkhīyah ʻan Ḥalab /</subfield>
		<subfield code="c">al-Ab Firdīnān Tawtal al-Yasū‘ī.</subfield>
	</datafield>
	<datafield ind1="1" ind2="5" tag="246">
		<subfield code="a">Contribution a l'histoire d'Alep</subfield>
	</datafield>
	<datafield ind1=" " ind2="1" tag="264">
		<subfield code="6">880-03</subfield>
		<subfield code="a">Bayrūt :</subfield>
		<subfield code="b">al-Maṭbaʻah al-Kāthūlīkīyah,</subfield>
		<subfield code="c">1940-1964.</subfield>
	</datafield>
	<datafield ind1=" " ind2=" " tag="300">
		<subfield code="6">880-04</subfield>
		<subfield code="a">online resource (6 volumes) :</subfield>
		<subfield code="b">illustrations, portraits, facsimiles</subfield>
	</datafield>
	<datafield ind1=" " ind2=" " tag="336">
		<subfield code="a">text</subfield>
		<subfield code="2">rdacontent</subfield>
	</datafield>
	<datafield ind1=" " ind2=" " tag="337">
		<subfield code="a">computer</subfield>
		<subfield code="2">rdamedia</subfield>
	</datafield>
	<datafield ind1=" " ind2=" " tag="338">
		<subfield code="a">online resource</subfield>
		<subfield code="2">rdacarrier</subfield>
	</datafield>
	<datafield ind1="1" ind2=" " tag="490">
		<subfield code="6">880-05</subfield>
		<subfield code="a">Nuṣūṣ wa-durūs ;</subfield>
		<subfield code="v">2, 9, 19</subfield>
	</datafield>
	<datafield ind1=" " ind2=" " tag="500">
		<subfield code="a">Part of the Arabic Collections Online (ACO) project, contributed by American University of Beirut's Jafet Memorial Library.</subfield>
	</datafield>
	<datafield ind1=" " ind2=" " tag="533">
		<subfield code="a">Electronic reproduction.</subfield>
		<subfield code="b">New York, N.Y. :</subfield>
		<subfield code="c">New York University,</subfield>
		<subfield code="d">2018.</subfield>
		<subfield code="5">NNU</subfield>
	</datafield>
	<datafield ind1=" " ind2="4" tag="651">
		<subfield code="6">880-06</subfield>
		<subfield code="a">Aleppo (Syria)</subfield>
		<subfield code="x">History</subfield>
		<subfield code="y">1516-1918.</subfield>
	</datafield>
	<datafield ind1="1" ind2=" " tag="700">
		<subfield code="6">880-07</subfield>
		<subfield code="a">Bakhkhāsh, Naʻʻūm,</subfield>
		<subfield code="d">-1875,</subfield>
		<subfield code="e">author.</subfield>
	</datafield>
	<datafield ind1="2" ind2=" " tag="710">
		<subfield code="a">Jafet Memorial Library.</subfield>
	</datafield>
	<datafield ind1="0" ind2=" " tag="730">
		<subfield code="a">Arabic Collections Online.</subfield>
	</datafield>
	<datafield ind1="0" ind2="8" tag="776">
		<subfield code="i">Print version:</subfield>
		<subfield code="a">Tawtal, Firdīnān, compiler.</subfield>
		<subfield code="t">Wathāʼiq tārīkhīyah ʻan Ḥalab</subfield>
		<subfield code="w">(LeBAU)b1270121x</subfield>
	</datafield>
	<datafield ind1=" " ind2="0" tag="830">
		<subfield code="6">880-08</subfield>
		<subfield code="a">Nuṣūṣ wa-durūs ;</subfield>
		<subfield code="v">2, 9, 19.</subfield>
	</datafield>
	<datafield ind1="4" ind2="0" tag="856">
		<subfield code="u">http://hdl.handle.net/2333.1/tmpg4mmt</subfield>
	</datafield>
	<datafield ind1="1" ind2=" " tag="880">
		<subfield code="6">100-01</subfield>
		<subfield code="a">توتل، فردينان،</subfield>
		<subfield code="e">معد.</subfield>
		<subfield code="4">com.</subfield>
	</datafield>
	<datafield ind1="1" ind2="0" tag="880">
		<subfield code="6">245-02</subfield>
		<subfield code="a">وثائق تاريخية عن حلب /</subfield>
		<subfield code="c">الأب فردينان توتل اليسوعي.</subfield>
	</datafield>
	<datafield ind1=" " ind2="1" tag="880">
		<subfield code="6">264-03</subfield>
		<subfield code="a">بيروت :</subfield>
		<subfield code="b">المطبعة الكاثوليكية،</subfield>
		<subfield code="c">1940-1964.</subfield>
	</datafield>
	<datafield ind1=" " ind2=" " tag="880">
		<subfield code="6">300-04</subfield>
		<subfield code="a">6 أجزاء :</subfield>
		<subfield code="b">مصورات، صور شخصانية، صور طبق الأصل ؛</subfield>
		<subfield code="c">24 سم.</subfield>
	</datafield>
	<datafield ind1="1" ind2=" " tag="880">
		<subfield code="6">490-05</subfield>
		<subfield code="a">نصوص ودروس ؛</subfield>
		<subfield code="v">2، 9، 19</subfield>
	</datafield>
	<datafield ind1=" " ind2=" " tag="880">
		<subfield code="6">500-00</subfield>
		<subfield code="a">&quot;وفي الأمر الواقع فاليومية التي بين يدينا مدونة كما يلي في أربعة دفاتر: الأول يشمل الحوادث بين 1840 و 1846؛ الثاني بين 1846 و 1855؛ الثالث بين 1855 و 1866؛ الرابع بين 1866 و 1875.&quot;--الجزء الأول، صفحة 10.</subfield>
	</datafield>
	<datafield ind1=" " ind2=" " tag="880">
		<subfield code="6">500-00</subfield>
		<subfield code="a">&quot;نشرت تباعاً في المشرق&quot;.</subfield>
	</datafield>
	<datafield ind1=" " ind2=" " tag="880">
		<subfield code="6">504-00</subfield>
		<subfield code="a">يتضمن مراجع ببليوغرافية وكشافات.</subfield>
	</datafield>
	<datafield ind1="0" ind2="0" tag="880">
		<subfield code="6">505-00</subfield>
		<subfield code="t">وثائق تاريخية عن حلب:</subfield>
		<subfield code="g">الجزء الأول، القسم الأول والثاني.</subfield>
		<subfield code="t">أخبار السريان وما إليهم أخذاً عن يومية نعوم البخاش وغيرها من المخطوطات سنة 1840-1875 --</subfield>
		<subfield code="g">الجزء الأول، القسم الثالث.</subfield>
		<subfield code="t">الحوادث والأخبار اخذاً عن يومية نعوم البخاش 1855-1865 وغيرها من المخطوطات --</subfield>
		<subfield code="g">الجزء الثالث.</subfield>
		<subfield code="t">دفتر أخوية عزبان الأرمن وما إليه من الفوائد والتعليمات --</subfield>
		<subfield code="g">الجزء الرابع، القسم الأول والثاني.</subfield>
		<subfield code="t">أخبار الموارنة وما إليهم من 1606 إلى يومنا --</subfield>
		<subfield code="g">الجزء الرابع، القسم الثالث.</subfield>
		<subfield code="t">أخبار اللاتين والروم وما إليهم 1855-1963.</subfield>
	</datafield>
	<datafield ind1=" " ind2=" " tag="880">
		<subfield code="6">546-00</subfield>
		<subfield code="a">النص بالعربية؛ مع مقدمة بالفرنسية.</subfield>
	</datafield>
	<datafield ind1=" " ind2=" " tag="880">
		<subfield code="6">588-00</subfield>
		<subfield code="a">الوصف يستند إلى الجزء الأول.</subfield>
	</datafield>
	<datafield ind1=" " ind2=" " tag="880">
		<subfield code="6">590-00</subfield>
		<subfield code="a">ينقص الجزء الثاني الذي يحتوي على الدفتر الرابع من اليومية.</subfield>
	</datafield>
	<datafield ind1=" " ind2=" " tag="880">
		<subfield code="6">590-00</subfield>
		<subfield code="a">4 أجزاء ببليوغرافية في 6 أجزاء مادية.</subfield>
	</datafield>
	<datafield ind1=" " ind2="4" tag="880">
		<subfield code="6">651-06</subfield>
		<subfield code="a">حلب (سوريا)</subfield>
		<subfield code="x">تاريخ</subfield>
		<subfield code="y">1516-1918.</subfield>
	</datafield>
	<datafield ind1="1" ind2=" " tag="880">
		<subfield code="6">700-07</subfield>
		<subfield code="a">البخاش، نعوم،</subfield>
		<subfield code="d">-1875،</subfield>
		<subfield code="e">مؤلف.</subfield>
		<subfield code="4">aut.</subfield>
	</datafield>
	<datafield ind1=" " ind2="0" tag="880">
		<subfield code="6">830-08</subfield>
		<subfield code="a">نصوص ودروس ؛</subfield>
		<subfield code="v">2، 9، 19.</subfield>
	</datafield>
	<datafield ind1=" " ind2=" " tag="959">
		<subfield code="a">NNU</subfield>
		<subfield code="b">WEB</subfield>
		<subfield code="c">GENI</subfield>
		<subfield code="t">0</subfield>
		<subfield code="m">Electronic access</subfield>
		<subfield code="s">01</subfield>
	</datafield>
	<datafield ind1=" " ind2=" " tag="999">
		<subfield code="i">LeBAU_b1270121x</subfield>
		<subfield code="s">aub_aco001679:v.1</subfield>
		<subfield code="s">aub_aco001680:v.1</subfield>
		<subfield code="s">aub_aco001681:v.3</subfield>
		<subfield code="s">aub_aco001682:v.4</subfield>
		<subfield code="s">aub_aco001683:v.4</subfield>
		<subfield code="s">aub_aco001684:v.4</subfield>
		<subfield code="e">(ERROR-880)</subfield>
		<subfield code="s">aub_aco001679:v.1</subfield>
		<subfield code="s">aub_aco001680:v.1</subfield>
		<subfield code="s">aub_aco001681:v.3</subfield>
		<subfield code="s">aub_aco001682:v.4</subfield>
		<subfield code="s">aub_aco001683:v.4</subfield>
		<subfield code="s">aub_aco001684:v.4</subfield>
	</datafield>
</record>
